2130 3380
1791 119 1796 121 λ
1891 66 1964 111 ιιι

722 768 1238 831 PRAEFATIO.

251 999 532 1052 Herondae
556 1000 641 1052 vel
664 1000 924 1071 Her-odae,
948 1004 1141 1070 poetae
1167 999 1479 1053 Callimachi
1506 999 1616 1052 fere
1642 1019 1829 1070 aequa-

139 1087 223 1157 lis,
253 1082 595 1141 mimiambos
627 1107 654 1140 e
686 1106 894 1158 papyro
919 1088 1093 1141 Musei
1116 1087 1414 1141 Britannici
1441 1086 1683 1141 CXXXV
1715 1088 1828 1141 dili—

140 1179 330 1247 genter
375 1176 755 1245 transscriptos
802 1176 926 1229 anni
964 1175 1327 1230 MDOGGXGI
1375 1179 1577 1228 aestate
1623 1176 1830 1244 primus

140 1262 306 1317 edidit
337 1265 393 1317 F.
428 1264 486 1317 Gr.
518 1265 767 1333 Kenyon3
805 1264 1176 1324 fidelissimum
1214 1264 1383 1317 totius
1422 1263 1618 1333 papyri
1658 1282 1830 1317 exem—

138 1352 258 1421 plar
289 1352 417 1405 solis
448 1371 550 1421 ope
583 1353 885 1417 confectum
923 1356 1046 1405 ante
1082 1371 1281 1421 paucos
1312 1370 1522 1405 menses
1561 1352 1827 1406 emissum.

137 1440 366 1510 Kenyon
410 1440 468 1494 in
505 1440 626 1509 ipsa
663 1440 774 1493 fere
812 1440 942 1493 libri
982 1440 1249 1509 scriptura
1289 1440 1658 1511 cognoscenda
1705 1459 1827 1509 ope—

136 1546 251 1600 ram
291 1547 442 1581 suam
481 1528 768 1598 continuit3
787 1529 976 1581 ·multa
1008 1529 1225 1600 egregie
1258 1527 1546 1597 expedivit,
1586 1528 1827 1597 corrupit

24 1609 33 1619 ’
136 1603 247 1669 fere
292 1616 444 1669 nihil.
519 1615 876 1669 Audaciorem
924 1635 980 1668 se
1031 1616 1285 1685 praebuit
1336 1615 1442 1685 quiv
1478 1616 1664 1669 eodem
1716 1615 1828 1668 fere

12 1700 31 1716 '
135 1708 379 1773 tempore
420 1722 525 1773 quo
564 1704 792 1773 Kenyon
831 1704 1063 1774 primam
1101 1704 1465 1757 recensionem
1504 1722 1560 1756 se
1600 1703 1827 1756 edidisse

135 1793 409 1861 professus
463 1796 569 1862 est,
628 1792 715 1845 W.
759 1791 818 1845 G.
864 1792 1223 1862 Rutherford3
1278 1810 1434 1845 sanos
1487 1792 1634 1845 locos
1684 1792 1827 1845 haud

135 1899 335 1950 paucos
374 1881 693 1934 coniecturis
731 1881 978 1950 tentavit,
1017 1881 1110 1934 sed
1147 1881 1289 1955 idem
1330 1880 1588 1950 quaedam
1620 1880 1827 1933 invenit

135 1987 270 2038 quae
322 1988 431 2022 non
480 1970 648 2022 cuivis
696 1972 1002 2022 occurrent:
1056 1987 1218 2038 quare
1271 1969 1464 2022 merita
1509 1965 1672 2021 laude
1716 1987 1827 2021 non

135 2057 352 2110 omnino
400 2061 483 2110 est
536 2057 940 2116 defraudandus,
1014 2057 1292 2110 Acerrima
1347 2057 1531 2110 statim
1584 2073 1830 2110 censura-v

133 2164 253 2199 rum
292 2150 345 2198 et
385 2146 897 2199 commentationum
935 2146 1179 2199 velitatio
1218 2147 1387 2215 facta3
1422 2146 1575 2198 inter
1620 2145 1825 2214 primos

134 2234 450 2303 prodierunt
487 2235 642 2288 Blass
679 2235 945 2288 Bucheler
992 2234 1210 2289 Crusius
1253 2234 1404 2288 Diels
1442 2234 1581 2287 Ellis
1620 2233 1823 2287 Gercke

52 2387 63 2395 Ι
87 2326 90 2331 ’
134 2321 378 2377 Giinther
400 2322 570 2376 Hicks
594 2322 830 2377 'Jackson
867 2323 1063 2376 Kaibel
1091 2322 1147 2378 N
1147 2322 1390 2376 icholson
1428 2322 1641 2375 Palmer
1664 2321 1822 2375 Weil.

0 2421 2 2439 ’
25 2455 34 2463 .
132 2410 324 2464 Paucis
339 2411 617 2464 mensibus
633 2411 954 2464 intermissis
963 2411 1030 2464 H.
1041 2429 1145 2464 van
1153 2411 1479 2464 Herwerden
1495 2409 1823 2464 ΗΡΩΙΔΟΤ

29 2546 32 2547 ⁷
132 2502 382 2567 poemata
406 2502 526 2553 octo
561 2500 711 2553 brevi
737 2499 1121 2554 commentario
1154 2499 1423 2553 illustrata
1444 2500 1822 2568 Mnemosynes

131 2586 391 2640 volumini
429 2587 682 2641 vicesimo
714 2587 790 2660 (p.
823 2586 1107 2658 41—100)
1147 2588 1386 2642 inseruit.
1452 2587 1565 2651 ‘Qui
1607 2588 1821 2657 quidem
1907 2599 1910 2601 ’

54 2724 65 2736 ,
130 2673 316 2728 versus
360 2675 560 2729 multos
607 2676 995 2738 emendatiores
1041 2676 1231 2747 edidit,
1282 2677 1359 2728 ita
1404 2680 1605 2744 tamen,
1659 2679 1719 2728 ut
1767 2679 1820 2728 et

130 2762 249 2832 ipse
295 2763 629 2816 coniecturae
675 2765 903 2819 nimium
948 2765 1226 2819 tribueret.
1302 2764 1421 2834 Ego
1462 2783 1640 2817 meum
1686 2764 1818 2816 mihi
1924 2775 1928 2779 ’

40 2914 42 2917 ,
131 2851 438 2921 eitemplum
471 2852 984 2922 conscripseram-et
1023 2852 1315 2923 specimina
1349 2852 1608 2921 quaedam
1639 2852 1816 2905 Philo-

40 2933 46 2978 Ᾰ
128 2938 241 3010 logi
287 2940 557 2994 volumine
605 2941 1048 3012 quinquagesimo
1100 2940 1448 3010 exprimenda
1498 2959 1818 3010 curaveram,
1906 2936 1910 2939 ⁵

1490 3027 1550 3071 a*
