2164 3362
860 714 999 779 CN.
1036 712 1475 776 MATTIVS

633 959 1169 1014 MIMIAMBORVM
1205 959 1665 1015 FRAGMENTA.
1676 960 1707 993 ³¹⁶

1157 1096 1200 1146 1.

451 1195 756 1240 Terentianus
788 1195 978 1239 Maurus
1010 1199 1124 1239 2416
1143 1209 1242 1252 sqq.
1271 1210 1316 1252 p.
1343 1199 1429 1239 397
1453 1194 1507 1240 Κ.
1540 1196 1647 1252 post
1670 1193 2010 1252 Hipponactem

333 1256 764 1299 commemoratum:

405 1359 522 1414 Hoc
559 1359 898 1413 mimiambos
936 1358 1158 1413 Mattius
1197 1359 1340 1413 dedit
1381 1363 1572 1414 metro:

404 1467 529 1501 nam
566 1452 742 1501 vatem
781 1448 1003 1501 eundem
1041 1452 1121 1501 est
1159 1447 1341 1502 Attico
1381 1449 1570 1518 thymo
1608 1447 1835 1501 tinctum

409 1536 525 1606 pari
563 1537 742 1607 lepore
783 1540 1095 1590 consecutus
1133 1541 1186 1590 et
1223 1541 1408 1590 metm.

335 1652 461 1697 Num
498 1652 806 1711 Hipponactis
844 1666 1014 1698 nomen
1052 1666 1076 1697 e
1115 1652 1491 1697 mimiamborum
1527 1652 1763 1710 prooemio
1794 1652 2015 1696 haustum

337 1714 409 1756 est
440 1714 499 1769 (v.
526 1716 592 1770 8),
619 1713 761 1768 {quod
791 1711 887 1757 fere
919 1713 980 1756 ad
1009 1712 1204 1756 verbum
1233 1711 1429 1756 Mattius
1460 1711 1779 1756 transtulerit?
1839 1711 1910 1755 Ex
1941 1725 2013 1756 eo-

338 1771 443 1816 dem
473 1771 658 1816 hortulo
690 1771 889 1816 fortasse
920 1773 1098 1830 thymus
1128 1772 1311 1817 Atticus
1343 1771 1599 1828 decerptus.

979 1948 1370 2006 [ENTHNIOM]

161 2069 336 2103 M29B
1155 2055 1207 2110 2.

483 2154 596 2208 Iam
634 2154 740 2208 iam
779 2154 1052 2209 albicascit
1088 2155 1338 2208 Phoebus
1376 2159 1429 2208 et
1467 2158 1764 2208 recentatur

485 2261 759 2296 commune
797 2244 977 2296 lumen
1014 2243 1344 2315 hominibus;
1381 2243 1743 2313 voluptatis..

457 2358 633 2404 Gellius
664 2359 749 2403 XV
780 2363 835 2403 25
876 2358 1003 2416 (inde
1033 2358 1212 2404 Nonius
1243 2374 1287 2416 p.
1316 2363 1414 2414 167,
1442 2360 1536 2415 14):
1587 2359 1666 2404 Cn.
1701 2359 1904 2415 Matius,
1942 2362 2016 2406 vir

341 2419 558 2474 eruditus,
589 2419 641 2463 in
662 2420 934 2463 mimiambis
957 2419 1053 2463 suis
1075 2432 1169 2463 non
1192 2420 1354 2462 absone
1375 2395 1513 2473 fi'naeit
1539 2418 1832 2463 ‘’recentatwr
1854 2433 1943 2475 pro
1966 2434 2016 2464 eo

341 2479 460 2535 quod
486 2477 650 2523 Graeci
680 2479 839 2523 dicwnt
869 2478 1173 2522 ἁνανεοῦται·
1221 2479 1475 2533 sequuntur
1505 2490 1677 2521 versus
1738 2478 1895 2534 Ipsum
1924 2478 2015 2522 He-

339 2536 536 2580 rondam
567 2537 851 2581 ἀνανεοῦται
880 2537 1022 2581 verbo
1053 2551 1190 2580 usum
1222 2549 1320 2580 esse
1351 2549 1436 2580 nec
1466 2549 1632 2593 negem
1654 2550 1804 2592 neque
1829 2539 2015 2581 conten—

343 2595 452 2639 dam
474 2597 489 2652 ΙΙ
572 2601 596 2639 2
629 2601 670 2640 et
699 2597 945 2652 voluptatis
976 2595 1122 2651 codd„
1155 2601 1196 2640 et
1227 2595 1316 2639 del.
1347 2595 1509 2650 Hertz,
1539 2596 1804 2652 voluptatist
1832 2596 2015 2640 LMuel-

341 2654 409 2698 ler
435 2656 441 2711 Ι
467 2653 543 2698 Ad
575 2653 751 2697 exitum
783 2654 958 2699 Somnii
988 2654 1149 2699 refero.
1211 2653 1456 2698 Prodierat
1486 2653 1660 2698 femina
1691 2654 2018 2712 superstitiosa

343 2715 451 2757 ante
483 2712 628 2757 solem
660 2712 899 2758 orientem.
943 2712 1201 2769 Antiquum
1234 2714 1305 2757 est
1337 2715 1383 2757 et
1415 2712 1712 2770 celebratum,
1743 2713 1894 2758 noctis
1924 2715 2015 2758 ter—

341 2786 466 2816 rores
500 2771 575 2815 die
605 2771 731 2828 pelli.
783 2771 848 2818 Cf.
883 2772 990 2817 dub.
1025 2777 1050 2816 9
1081 2787 1126 2829 p.
1154 2776 1220 2817 74.

458 2903 480 2927 *
535 2903 727 2948 Numeri
776 2903 950 2949 adiecti
989 2906 1097 2949 sunt
1136 2903 1394 2949 editionum
1429 2904 1682 2963 M[uelleri]
1723 2903 1887 2948 Catull.
1929 2906 2012 2949 etc.

339 2977 383 3017 p.
425 2966 478 3005 91
506 2976 588 3019 sq,
635 2977 773 3018 quem
819 2965 1002 3007 secutus
1049 2964 1121 3007 est
1157 2963 1383 3008 Bucheler
1419 2963 1618 3008 Herond.
1657 2978 1700 3020 p.
1743 2967 1819 3019 69,
1875 2965 2017 3019 atque

340 2997 651 3079 B[aehrensii]
683 3021 864 3079 Fragm.
899 3023 1026 3067 Poet.
1059 3023 1188 3067 Rom.
1221 3037 1263 3079 p.
1298 3027 1382 3067 282
1402 3037 1466 3078 sq.
