2164 3362
625 203 1059 246 MIMIAMBORVM
1088 202 1452 245 FRAGMENTA
1806 198 1876 252 75

199 334 409 390 sequitur
438 348 612 381 versus
654 336 660 390 Ι
744 335 893 379 'volero
923 348 1034 377 num
1065 347 1122 378 ex
1153 332 1220 377 eis
1251 346 1371 388 quae
1404 332 1686 376 antecedunt
1715 345 1877 389 perpe·

198 406 300 437 ram
330 393 610 451 repetitum?
671 407 788 438 meos
831 394 1053 447 hortulos,
1099 393 1282 449 quando
1310 392 1482 446 holero,
1526 397 1717 436 stercore
1742 391 1877 447 plure

201 451 401 496 coniecit
430 452 679 496 Baehrens.
741 451 1080 509 Argumentum
1117 450 1400 495 mimiambis
1439 451 1622 507 aptum:
1669 448 1878 505 loquitur

198 511 407 614 agricolla
445 511 521 555 vel
551 466 839 554 hortulanusg
859 510 1029 568 (Somn.
1055 510 1163 553 vm
1194 512 1269 565 41)
1309 508 1466 566 potius
1506 522 1648 564 quam
1684 508 1877 553 ficorum

198 583 342 627 propo
364 583 392 613 a

997 662 1078 713 11.
1875 681 1913 711 p.
1934 674 1996 706 134
2012 671 2055 703 M

381 747 425 801 O
468 766 603 817 quae
642 749 908 801 tenerulae
949 747 1213 818 comparis
1250 751 1398 800 tenes
1436 746 1655 816 crinem,

998 868 1078 919 12.

383 954 549 1008 Sudes
588 954 645 1007 in
683 953 786 1007 ista
823 954 1047 1024 <d>evia
1084 954 1254 1007 latent
1291 953 1446 1006 fossa.

313 1056 506 1099 Rufinus
538 1056 689 1112 (Iuba)
719 1071 763 1112 p.
789 1059 874 1100 386
899 1054 966 1112 G,
1017 1055 1091 1100 Gr.
1116 1055 1218 1100 Lat.
1250 1054 1314 1098 VI
1344 1070 1388 1111 p.
1415 1059 1499 1098 562
1524 1053 1599 1099 K:
1650 1091 1658 1099 .
1724 1053 1878 1110 .quod

202 1120 325 1160 sexto
372 1117 465 1160 loco
497 1152 506 1160 .
534 1152 543 1160 .
571 1151 581 1160 .
612 1116 836 1172 spondeus
878 1116 947 1159 vel
991 1115 1227 1159 trochaeus
1270 1115 1491 1170 recipitwr
1524 1150 1532 1158 .
1560 1150 1568 1158 .
1597 1149 1606 1157 .
1631 1148 1645 1167 ‚
1697 1126 1877 1157 carmen

199 1175 414 1219 claudum
450 1175 566 1229 facit
602 1180 644 1219 et
682 1175 958 1219 choliambus
995 1175 1279 1227 nmm'Qnatur
1325 1178 1378 1217 ut
1414 1179 1477 1217 est
1508 1168 1543 1216 ὦ
1574 1167 1877 1245 Κλαζομένιοι

198 1233 440 1284 Βούπαλος
471 1231 782 1286 κατέκτεινον,
815 1230 1052 1276 ἀκούσαθ’
1082 1230 1416 1283 Ιππώνακτος·
1451 1232 1505 1275 οὐ
1530 1237 1618 1287 γὰρ
1643 1228 1744 1274 ἀλλ’
1764 1228 1876 1286 ἥκω,

201 1291 370 1336 deinde
409 1291 774 1349 ftagm11.12.
836 1290 1071 1335 LMueller
1108 1290 1282 1335 Catulli
1319 1305 1363 1346 p
1391 1294 1476 1333 134
1513 1289 1666 1347 fragm
1668 1291 1778 1333 enta
1817 1289 1878 1332 ad

201 1350 423 1394 Mattium
462 1307 664 1395 rettulit:
716 1351 885 1393 ‘causa
916 1349 1023 1405 illa,
1064 1349 1190 1405 quod
1230 1363 1286 1393 ex
1325 1349 1488 1393 eodem
1520 1363 1611 1405 quo
1587 1305 1877 1392 Terentia-

201 1425 313 1453 num
352 1409 508 1454 fonte.
531 1408 769 1454 hausisse
799 1409 963 1453 Iubam
993 1407 1181 1452 videtur
1209 1407 1479 1465 probabile'
1526 1407 1603 1466 [cf.
1640 1407 1701 1451 ad
1732 1406 1785 1452 fr
1814 1407 1874 1464 1].

200 1468 274 1514 Fr.
308 1474 377 1514 11.
412 1473 467 1511 12
514 1446 854 1512 coniunxerunt
892 1467 1126 1512 LMueller
1163 1467 1193 1511 l.
1227 1483 1261 1511 s.
1303 1469 1444 1523 atque
1483 1467 1717 1511 Baehrens
1761 1465 1878 1509 FPR

198 1543 244 1584 p.
270 1531 371 1583 392,
398 1532 452 1570 51
487 1526 703 1571 admissis
736 1525 1013 1570 coniecturis
1044 1525 1213 1582 quibus
1244 1525 1323 1569 vix
1354 1540 1469 1583 opus
1501 1528 1583 1569 est.
1630 1525 1754 1569 Nam
1785 1524 1878 1569 sin-

197 1586 333 1643 gulos
376 1599 537 1629 versus
579 1585 702 1629 inter
744 1599 792 1629 se
831 1599 925 1629 non
966 1585 1268 1628 cohaerentes
1310 1599 1393 1641 pro
1432 1584 1655 1642 exemplis
1695 1583 1876 1627 adferre

200 1644 321 1689 solet
351 1645 544 1688 Rufinus
597 1647 612 1702 ΙΙ
635 1691 638 1695 ,
695 1649 749 1687 12
780 1645 823 1689 si
851 1645 927 1688 des
956 1643 1153 1687 Mueller
1186 1646 1192 1699 Ι
1231 1645 1333 1688 veia
1362 1644 1423 1699 R,
1455 1645 1554 1698 via,
1585 1643 1635 1686 in
1665 1642 1877 1709 margine

197 1706 299 1749 vcia
329 1704 392 1758 A,
438 1704 516 1748 via
546 1703 606 1748 Β.
652 1717 765 1746 ιιιιιιι
802 1702 852 1746 ιιι
892 1702 1144 1759 archetypo
1182 1702 1427 1760 legebatur
1463 1704 1541 1747 via
1572 1704 1712 1758 atque
1744 1703 1798 1747 de
1828 1700 1879 1745 in

201 1762 442 1820 margine?
468 1765 476 1819 Ι
503 1763 592 1807 late
622 1762 831 1817 Mueller,
865 1762 1008 1806 latens
1037 1760 1192 1818 Bergk
1221 1761 1471 1807 Baehrens.

44 1833 56 1859 '
318 1835 389 1880 Fr.
418 1840 470 1879 11
513 1835 553 1879 si
582 1835 742 1880 Mattii
772 1837 864 1890 est,
904 1835 1095 1879 ficorum
1124 1835 1347 1891 propolae
1377 1835 1582 1878 tribuere
1620 1833 1771 1891 possis
1816 1834 1878 1878 ad

198 1894 420 1939 Cerdonis
452 1894 713 1951 exemplum
739 1894 841 1951 <VH
867 1898 950 1937 107
969 1896 1087 1950 sqq.)
1111 1893 1396 1938 mulierculis
1426 1893 1703 1938 blandienti.
1743 1892 1876 1936 Eius-

197 1953 304 1998 dem
341 1953 473 1997 mimi
507 1953 707 1998 fortasse
749 1953 802 1998 fr.
833 1958 908 2009 12,
954 1952 1004 1996 ιιι
1034 1966 1125 2008 quo
1156 1965 1318 1997 vereor
1346 1967 1403 1997 ne
1436 1952 1777 1997 obscoenitates
1808 1951 1877 1995 la-

198 2014 331 2057 teant
361 2012 523 2069 quales
556 2014 664 2056 sunt
694 2012 874 2057 Fotidis
904 2011 1196 2068 Apuleianae
1228 2012 1358 2068 (Met.
1388 2012 1432 2055 H
1466 2014 1522 2069 7).

307 2249 505 2302 Mirum
543 2249 689 2319 illud,
730 2249 874 2318 quod
911 2249 1118 2302 nullum
1157 2250 1264 2302 fere
1302 2249 1481 2302 Mattii
1519 2249 1879 2320 fragmentum

0 2322 18 2377 ἴ
197 2323 264 2376 ad
308 2342 489 2376 versus
535 2324 726 2376 referre
772 2323 896 2376 licet
941 2342 1150 2393 papyro
1197 2327 1445 2377 servatos.
1521 2322 1711 2391 Itaque
1757 2340 1879 2375 cum

197 2395 379 2450 Iliadis
433 2397 672 2468 singulos
731 2397 839 2449 fere
893 2415 1077 2450 versus
1137 2401 1377 2450 accurate
1438 2395 1759 2467 expresserit
1817 2399 1879 2448 ut

198 2471 386 2523 doctus
416 2471 587 2542 magis
617 2471 776 2524 homo
809 2474 921 2523 erat
950 2489 1111 2540 quam
1142 2474 1315 2541 poeta,
1345 2471 1403 2523 in
1431 2471 1534 2523 hoc
1563 2473 1877 2541 argumento

197 2547 292 2596 aut
329 2543 549 2597 liberius
587 2548 825 2597 versatus
864 2548 958 2615 est,
996 2548 1089 2596 aut
1125 2544 1218 2613 qui
1250 2548 1477 2598 aetatem
1507 2544 1745 2597 tulerunt
1773 2542 1878 2596 loci

198 2617 266 2669 ad
304 2617 506 2686 priores
544 2618 882 2671 mimiambos
920 2618 1210 2687 pertinent,
1251 2636 1385 2686 quos
1423 2617 1682 2688 prooemii
1719 2616 1878 2670 laceri

198 2690 504 2744 testimonio
550 2691 717 2743 fretus
763 2690 981 2760 periisse
1020 2691 1218 2744 conieci
1255 2692 1363 2744 fere
1402 2695 1561 2744 totos,
1636 2690 1877 2743 Alteram

200 2767 407 2833 partem
456 2768 636 2817 utrum
684 2764 908 2817 Mattius
955 2783 1064 2817 non
1115 2764 1468 2835 transtulerit,
1521 2783 1590 2817 an
1636 2783 1746 2817 non
1791 2782 1878 2816 ex-

205 2837 494 2907 cerpserint
558 2838 651 2907 qui
704 2838 840 2891 circa
894 2837 1046 2890 initia
1097 2837 1356 2891 librorum
1409 2838 1621 2891 haerere
1674 2838 1878 2891 soleant

198 2911 405 2964 metrici
445 2915 498 2963 et
536 2911 889 2982 grammatici,
927 2910 1017 2963 vix
1056 2929 1312 2980 umquam
1351 2911 1633 2982 disceptari
1664 2911 1876 2982 poterit.
