2164 3362
201 175 236 226 4
855 172 1221 214 TESTIMONIA

1021 307 1068 357 3.

312 409 536 461 Ioannes
592 408 854 461 Stobaeus
912 425 1045 474 quae
1101 406 1161 460 ἐκ
1207 417 1318 459 τῶν
1348 403 1610 475 “Ηρώνὸα
1657 407 1915 476 μιμιοέμ-.

201 500 318 564 βων
359 498 607 564 excerpta
645 513 756 547 esse
796 498 1045 564 testatur,
1085 494 1223 546 infra
1262 493 1604 547 inveniuntur
1642 495 1708 547 ad
1746 494 1772 547 I
1799 495 1881 548 15.

204 586 288 638 67.
341 582 393 635 V
433 585 516 636 32.
579 582 657 635 VI
697 584 780 635 37.
843 581 975 634 VIII
1015 584 1086 635 42
1134 586 1295 650 atque
1343 602 1393 650 p.
1435 583 1505 636 65
1531 601 1651 651 sqq.
1730 582 1884 645 Quod

204 672 330 724 olim
363 671 633 723 ferebatur
662 670 1022 739 Hipponactis
1053 669 1418 722 testimonium
1449 671 1609 723 schol.
1634 670 1882 724 Nicandr.

203 760 355 812 Ther.
381 760 489 811 474
528 763 694 828 λαιμᾷ
734 756 800 811 δέ
835 771 937 811 σου
981 760 1042 811 τὸ
1075 763 1254 828 χεῖλος
1285 755 1641 828 ὡςθΗρώδου
1684 758 1882 811 dudum

204 847 476 900 sublatum
534 850 612 898 est
663 845 890 915 pristina
939 845 1165 898 lectione
1217 847 1289 909 ὡς
1336 845 1572 916 ἐρωδιοῦ
1619 865 1646 898 e
1696 846 1883 916 probis

200 935 354 987 libris
393 934 661 1005 restituta,
699 935 762 987 of.
803 934 1041 1004 Hippon.
1085 937 1113 988 7
1121 936 1153 987 6
1194 954 1244 1003 p.
1269 935 1375 987 487
1417 934 1551 1005 ng.

1021 1112 1069 1162 4.

314 1214 405 1266 Cn.
445 1213 624 1266 Mattii
663 1217 715 1265 et
746 1212 973 1284 Vergilii
1011 1213 1240 1266 Romani
1278 1213 1710 1266 mimiamborum
1748 1213 1889 1284 frag-

201 1306 380 1355 menta
419 1305 471 1354 et
510 1301 815 1354 testimonia
852 1301 910 1354 in
956 1302 1093 1354 oaloe
1131 1301 1302 1354 libelh‘
1341 1301 1546 1354 addita
1558 1305 1703 1371 sunt3
1753 1300 1888 1353 Mat-

202 1390 309 1442 tius
348 1390 452 1461 ille,
493 1394 652 1459 poeta
690 1390 928 1442 Varrone
969 1389 1256 1460 antiquior,
1298 1389 1430 1458 quin
1467 1374 1771 1442 Herondain
1810 1408 1886 1442 se-

203 1482 355 1530 cutus
394 1477 464 1531 sit
503 1497 657 1530 nemo
699 1478 890 1547 opinor
930 1478 1215 1531 dubitabit.
1265 1478 1523 1531 Babrium
1562 1481 1885 1547 μυθίαμβον

204 1585 358 1619 suum
398 1564 655 1637 (prooem.
695 1564 773 1637 II)
821 1566 887 1618 ad
925 1566 1243 1634 μιμιάμβων
1281 1566 1684 1619 similitudinem
1720 1565 1889 1619 nomi-

203 1673 355 1706 nasse
400 1654 485 1706 vel
531 1653 745 1706 omnino
792 1653 1044 1706 Heronda
1091 1671 1246 1706 usum
1293 1672 1404 1706 esse
1457 1672 1567 1706 non
1620 1653 1748 1706 satis
1802 1673 1890 1706 ex-

205 1742 484 1810 ploratum.

2142 1499 2164 1807 &,fflh-m-.20s-⁴.>
2143 1447 2164 1473 L:
2147 1371 2164 1429 *aa*
2148 1302 2164 1356 ·.-
2160 1192 2163 1194 .
2150 1157 2153 1161 ’
2148 1120 2149 1123 ⁴
2152 1096 2158 1099 ι
2130 1039 2139 1058 “
