2164 3362
432 175 521 220 CN.
546 175 756 217 MATTII
786 174 1218 218 MIMIAMBORVM
1246 175 1608 218 FRAGMENTA
1789 173 1856 226 73

693 307 1062 365 [ΑΠΟΝΗΣΤῙΖ
1068 308 1298 350 OMENAI
1306 306 1346 364 ?]

995 413 1043 465 3.
1859 423 1927 457 1M
1951 425 2033 457 1113

338 556 350 568 .
371 553 426 572 ..
445 532 617 584 nuper
655 514 737 567 die
779 518 991 586 quarm,
1030 518 1091 567 ut
1128 514 1393 585 recordor3
1433 517 1485 566 et
1525 517 1662 566 certe

327 602 606 671 aquarium
644 621 858 655 urceum
896 603 1110 655 unicum
1149 603 1291 656 domi
1330 602 1503 674 fregit.

300 703 477 748 Gellius
507 703 550 747 X
573 707 718 760 24,10
750 702 876 759 (inde
906 703 1110 749 Macrob.
1137 703 1158 747 Ι
1181 709 1221 760 4,
1239 705 1333 760 24);
1372 703 1462 748 ‘die
1492 703 1674 760 quarto’
1709 708 1858 748 autem

185 763 263 808 Cn.
298 763 479 807 Matius
523 763 651 807 homo
696 763 891 819 impense
936 764 1091 807 doetus
1135 763 1188 807 in
1224 763 1496 807 mimiambis
1526 775 1615 819 pro
1652 776 1701 807 eo
1732 763 1856 818 dicit,

183 822 301 879 quod
338 823 510 866 nudius
548 827 737 879 quartus
766 835 847 866 uos
878 822 1082 866 dicimus.
1143 821 1370 878 Loquitur
1401 821 1458 865 de
1490 834 1636 876 serva,
1668 820 1744 865 vel
1774 835 1856 878 po-

180 880 274 925 tius
307 880 365 924 de
396 879 556 938 puella
587 879 761 925 Cottali
792 880 1006 937 gemella,
1039 880 1238 924 fortasse
1270 880 1327 924 de
1357 881 1530 938 παιδίῳ
1561 879 1643 923 illo
1675 879 1783 924 VIII
1815 885 1854 925 1.

182 938 248 984 Cf.
283 939 344 983 ad
375 938 429 984 fr.
465 944 533 984 14.
581 938 702 983 Nam
734 939 791 983 de
821 939 1022 984 mustela
1054 939 1157 997 (VII
1189 941 1262 996 89)
1294 939 1374 983 vix
1406 939 1720 996 cogitandum.

802 1116 1240 1175 [MOAnEmon]

997 1222 1045 1273 4.
1859 1234 1929 1267 ΒΜ
1953 1234 2035 1268 1013

448 1322 785 1393 Quapropter
823 1323 1061 1375 edulcare
1100 1322 1346 1375 convenit
1383 1322 1548 1375 vitam

447 1429 705 1480 curasque
744 1411 960 1463 acerbas
1001 1409 1245 1463 sensibus
1283 1410 1592 1481 gubernare.

300 1512 415 1558 Gen.
447 1513 533 1557 XV
556 1517 612 1557 25
642 1511 780 1569 (Non.
815 1516 913 1568 106,
939 1514 1035 1568 21):
1067 1512 1195 1556 Idem
1226 1510 1409 1556 Matius
1441 1512 1699 1570 [praecedit
1728 1513 1782 1559 fr.
1810 1515 1858 1573 2]

181 1573 233 1618 iu
262 1573 402 1618 isdem
431 1573 703 1616 mimiambis
732 1572 939 1616 edulcare
970 1571 1082 1615 dicit
1104 1570 1223 1627 quod
1245 1575 1308 1615 est
1330 1571 1512 1615 dulcius
1533 1573 1716 1617 reddere
1740 1575 1826 1618 etc.
1844 1575 1860 1632 j!

182 1636 208 1675 2
249 1666 260 1677 .
280 1665 290 1676 .
303 1633 553 1688 plumasque
576 1667 586 1676 .
607 1667 615 1675 .
640 1631 845 1675 senibus.
867 1631 1161 1688 ‚yuberuasse
1188 1628 1367 1673 Nonius
1404 1631 1410 1686 Ι
1452 1629 1677 1674 Fideliter
1705 1631 1859 1689 magis

183 1703 325 1746 quam
354 1689 502 1734 latine
524 1688 822 1733 transtulisse
845 1687 1032 1733 videtur
1055 1687 1319 1745 ἀφηδύνειν
1344 1687 1727 1746 (ἀπογλυκαίνειν
1752 1691 1858 1735 cho-

182 1748 371 1793 liambis
413 1747 566 1792 minus
616 1750 810 1805 aptum),
882 1746 1010 1801 Quae
1041 1746 1191 1804 Gyllis
1228 1746 1460 1804 praecipit
1495 1749 1517 1791 I
1548 1752 1605 1792 40
1625 1764 1738 1806 sqq.‚
1785 1749 1858 1793 his

185 1807 397 1852 versibus
427 1821 522 1852 non
553 1821 772 1864 expressa
801 1806 1031 1851 videntur.
1094 1805 1386 1863 Exceperunt
1417 1806 1616 1852 fortasse
1647 1808 1771 1864 quod
1804 1822 1860 1853 ex

183 1866 391 1924 Molpino
424 1868 690 1923 excerptum
722 1867 792 1911 est
822 1865 1136 1923 fragmentum
1167 1869 1221 1908 12
1254 1880 1395 1922 supra
1423 1881 1468 1923 p.
1495 1870 1565 1912 65.

1002 2045 1050 2098 5.
1860 2059 1930 2091 4M
1955 2061 2036 2094 1213

462 2132 699 2202 Sinuque
738 2132 959 2185 amicam
997 2133 1150 2185 refice
1188 2132 1438 2204 frigidam
1477 2133 1624 2187 caldo

450 2221 853 2274 columbulatim
889 2221 1042 2274 labra
1081 2239 1358 2274 conserens
1394 2221 1572 2275 labris,

303 2322 419 2368 Gen.
451 2322 536 2366 XX
567 2327 615 2368 9:
646 2323 878 2367 Delectari
905 2324 1176 2380 mulcerique
1208 2337 1341 2368 awres
1370 2337 1478 2368 suas
1509 2324 1683 2369 dicebat
1712 2324 1856 2370 Anto-

181 2383 289 2428 nius
318 2383 535 2427 Iulianus
563 2382 786 2440 ligamentis
814 2383 1048 2427 verborum
1076 2383 1206 2427 novis
1239 2382 1318 2427 Cn.
1345 2383 1505 2438 Matizss,
1535 2383 1728 2428 hominis
1758 2398 1858 2429 eru-

184 2441 271 2486 diti
289 2477 297 2486 .
318 2477 327 2487 .
347 2478 355 2487 .
373 2476 388 2497 ‚
430 2455 544 2498 quae
574 2442 747 2498 scripta
777 2442 834 2485 ab
865 2454 913 2485 eo
943 2442 997 2485 iu
1026 2442 1297 2486 mimiambis
1326 2443 1600 2486 memorabat
1631 2442 1860 2499 (sequitur

185 2501 240 2546 fr.
267 2502 326 2558 5).
370 2499 445 2543 Ad.
476 2499 672 2544 eandem
703 2499 911 2543 eiusdem
940 2499 1073 2544 mimi
1101 2501 1283 2557 partem
1314 2500 1477 2557 refero,
1510 2514 1601 2557 quo
1634 2500 1688 2547 fr.
1713 2507 1753 2547 4.

694 2676 816 2734 [XII.
861 2678 1307 2720 ῙΣΧΑΔΟΠΩΑΗΣ
1317 2678 1356 2736 ‘?]

1001 2782 1048 2834 6.
1862 2810 1931 2843 cM
1956 2812 2036 2844 1413

365 2876 367 2878 ’
447 2887 1184 2912 υυυυυυυυυ
1243 2869 1463 2922 ficorum

447 2956 512 3010 In
549 2956 767 3010 milibus
805 2961 888 3010 tot
924 2976 1033 3011 non
1069 2957 1320 3011 videbitis
1359 2976 1615 3030 grossum.
