2164 3362
377 251 445 304 68
539 286 542 289 -
1086 250 1328 294 ΗΡῼΝΔΑ

445 486 713 558 κέρδαιν’,
752 484 953 556 ἑταῖρε,
991 484 1081 538 καὶ
1119 483 1324 553 θέρους
1360 483 1451 539 καὶ
1489 495 1767 556 χειμῶνος.

492 617 656 661 Sextus
696 615 869 672 Empir.
910 615 1014 660 adv.
1055 615 1202 659 Math.
1234 615 1297 658 XI
1337 630 1380 672 p.
1408 619 1514 660 270:
1563 616 1644 660 καὶ
1684 614 1897 661 ἑκάστοτε
1936 617 2051 673 πρὸς

376 675 541 720 ἑαυτὸν
580 675 632 719 τὸ
671 674 874 732 κωμικὸν
914 675 1208 731 ἀναμελετῶν
1246 673 1570 731 παράγγελμα·
1620 674 1829 731 sequitur
1872 690 2046 722 versus

372 734 654 778 Dubitanter
697 733 758 777 ad
799 733 1043 790 Eupolidis
1085 733 1263 790 Baptas
1306 733 1490 778 rettulit
1531 733 1793 777 Meinekius
1836 734 1947 779 CGr.
1986 735 2050 779 IV

374 809 417 849 p.
445 798 529 837 689
577 793 652 849 (cf.
702 792 848 837 CAFr.
898 793 962 835 III
1003 807 1047 848 p.
1090 792 1449 848 616‚1255K.>‚
1497 791 1837 850 iambographo
1883 793 2051 838 tribuit

373 851 600 910 Bergkius
632 851 782 896 PLGr.
815 852 880 894 III
910 866 955 907 p.
983 855 1083 907 696,
1109 855 1178 896 28.
1233 851 1381 895 Locus
1414 864 1438 894 e
1469 851 1714 895 Herondae
1745 851 1900 896 mimis
1930 852 2049 909 peti—

372 914 448 955 tus
481 910 685 968 κωμικὸν
715 909 1017 967 παράγγελμα
1049 911 1157 966 apte
1191 909 1285 953 dici
1314 911 1521 967 poterat;
1554 911 1766 954 audimus
1796 910 2051 957 Cerdonem

373 970 641 1026 loquentem
671 969 748 1013 vel
780 968 1000 1014 Cerdonis
1032 967 1296 1026 gemellum.

1171 1119 1253 1170 19.

1079 1221 1107 1276 ὁ
1146 1223 1243 1275 τὸν
1281 1223 1455 1275 κυσὸν
1494 1220 1727 1292 τρωθεὶς

444 1310 596 1382 ᾔδεις
635 1310 772 1365 ὅπου
812 1310 1043 1380 μάλιστα
1081 1318 1180 1364 τοῦ
1218 1309 1457 1381 κράνους
1496 1314 1664 1380 χρεία.

488 1441 622 1486 Phot.
646 1456 690 1497 p.
717 1445 816 1496 355,
845 1445 898 1484 19
931 1441 991 1497 (ΙΙ
1021 1455 1065 1497 p.
1093 1444 1148 1483 33
1180 1440 1275 1496 Nb)
1316 1439 1340 1484 ὁ
1379 1439 1460 1485 τὸν
1490 1440 1669 1496 πατέρα
1700 1442 1847 1497 εὑρὼν
1878 1444 2050 1499 χαλκοῦ

376 1497 522 1558 χρεία.
570 1499 761 1555 ὀ-ἥδη
786 1500 996 1543 Αἰσώπου
1029 1498 1223 1556 μάλιστα
1257 1502 1362 1554 κτλ,
1395 1513 1507 1544 corr.
1541 1499 1735 1545 Dobree.
1784 1499 2052 1557 Explicavit

376 1560 427 1603 Gr.
453 1545 661 1603 Knaaek.
723 1559 877 1604 Herm.
909 1558 1016 1616 XXI
1046 1574 1090 1614 p.
1117 1563 1202 1601 319
1235 1557 1351 1602 conl.
1384 1558 1562 1602 fabella
1592 1557 1846 1625 Kirchhofii
1884 1559 2048 1604 Wend-

373 1619 566 1662 umnuth
604 1618 626 1660 I
665 1622 719 1661 95
759 1633 804 1674 p.
833 1622 913 1660 121
949 1607 1045 1662 Ost.
1110 1616 1223 1661 Cum
1261 1616 1399 1667 κνσὸς
1446 1618 1547 1660 tum
1586 1615 1714 1674 χρείη
1754 1618 1870 1675 (soll.
1911 1616 2050 1686 ἐστίν)

373 1677 642 1733 Heroudae,
690 1676 746 1721 cf.
779 1677 822 1719 H
853 1680 924 1720 44.
957 1675 1043 1719 VH
1076 1680 1144 1720 87.
1180 1680 1276 1720 104.
1309 1675 1418 1719 VIII
1449 1680 1488 1720 4.
1537 1676 1680 1719 verba
1712 1679 1819 1720 sunt
1848 1677 2047 1721 hominis

375 1735 569 1839 (fg-Ottfffi
609 1735 827 1792 alicuius,
868 1735 924 1780 cf.
957 1734 1190 1792 glossema
1233 1735 1358 1790 quod
1390 1734 1643 1792 antecedit)
1675 1735 1942 1780 verberibus
1976 1750 2051 1780 ca-

375 1809 396 1838 s
421 1809 499 1852 iga
523 1809 551 1839 1.

1168 1886 1254 1938 20.

430 1975 432 1977 ¹
483 1985 675 2041 Strabo
715 1986 848 2040 VIII
885 2006 933 2055 p.
968 1988 1072 2040 378
1115 1989 1271 2039 extu:
1310 1988 1713 2056 μνημονεύεταί
1745 2008 1825 2050 τις
1865 1986 2050 2057 ἑταίρα

373 2077 509 2146 πρὸς
547 2077 646 2145 τὴν
678 2075 1073 2144 ὀνειδίζουσαν,
1112 2075 1195 2128 ὅτι
1227 2073 1295 2128 οὐ
1325 2077 1585 2145 φιλεργὸς
1615 2080 1696 2144 εἴη
1731 2074 1853 2129 οὐδ’
1882 2076 2045 2147 ἐρίων

375 2165 621 2232 ἅπτοιτο,
660 2165 834 2217 εἰπεῖν

448 2249 687 2320 ἐγῶ<δε>
726 2250 912 2321 μέντοι
952 2249 1081 2321 <γ’>
1119 2251 1152 2320 ἡ
1192 2253 1424 2320 τοσαύτη
1470 2260 1614 2322 τρεῖς
1651 2253 1757 2321 ἤδη

447 2345 710 2394 καθεῖλον
751 2341 934 2403 ἱστοὺς
971 2339 1031 2393 ἐν
1069 2343 1264 2410 βραχεῖ
1297 2342 1476 2411 χρόνῳ
1515 2341 1707 2413 τούτῳ.

493 2470 542 2515 Si
580 2469 1012 2527 choliambographi
1048 2469 1257 2514 versibus
1293 2470 1459 2514 Strabo
1499 2485 1631 2526 usus,
1671 2484 1790 2526 quae
1828 2470 2051 2515 Meinekii

376 2530 447 2573 est
470 2529 747 2586 coniectura,
766 2529 823 2574 de
846 2529 1064 2573 Heronda
1086 2529 1242 2585 potius
1267 2529 1580 2586 cogitandum,
1606 2543 1747 2585 quam
1771 2530 1827 2574 de
1836 2529 2050 2573 Aeschri-

377 2601 462 2632 one
493 2588 716 2632 Meinekii
774 2590 821 2632 et
850 2587 1040 2645 Bergkii
1069 2603 1112 2644 p.
1139 2590 1255 2645 519).
1317 2588 1654 2645 Argumentum
1691 2588 1928 2632 mimicum
1961 2590 2044 2644 est,

376 2660 524 2703 neque
550 2647 804 2706 ἀμφιβολια
827 2647 912 2690 illa
936 2647 994 2690 ab
1019 2647 1238 2691 Heronda
1262 2646 1485 2703 alienum3
1517 2647 1724 2702 loquitur
1756 2647 1879 2691 enim
1902 2661 2047 2692 mere-

376 2705 469 2750 trix
493 2706 549 2750 de
565 2705 721 2750 nautis
739 2706 926 2750 Thaleti
949 2705 1020 2749 illi
1043 2706 1118 2750 vel
1133 2705 1390 2750 Artimmae
1415 2705 1645 2750 similibus
1659 2706 1732 2764 (cf.
1751 2706 1950 2752 Herond.
1968 2707 2042 2764 ΙΙ).

525 2943 673 2998 Stob.
710 2943 848 2997 Flor.
887 2942 1067 2997 XXIX
1104 2857 1613 3007 42221‘Imm'2v0mv09·

454 3033 666 3101 Χρόνος
704 3029 764 3085 δὲ
800 3030 1044 3101 φευγέτω
1084 3046 1144 3084 σε
1183 3028 1320 3100 μηδὲ
1359 3025 1438 3095 εἷς
1476 3030 1642 3102 ἀργός
1680 3061 1746 3068 -—
