2164 3362
662 829 1061 892 PHOENIX
1117 829 1750 893 COLOPHONIVS.

1017 1048 1386 1090 ΚΟΡΩΝῙΣΤΑΙ

362 1121 609 1190 Ἐσθλοί,
647 1123 863 1192 κορώνῃ
904 1131 1058 1192 χεῖρα
1096 1123 1366 1192 πρόσδοτε
1405 1121 1667 1192 κριθέων,

364 1219 427 1280 τῇ
466 1209 621 1263 παιδὶ
659 1218 759 1263 τοῦ
795 1208 1164 1279 Ἀπόλλωνος,
1202 1209 1234 1279 ἢ
1275 1209 1432 1273 λέκος
1468 1220 1660 1281 πυρῶν

363 1301 398 1367 ἢ
437 1297 561 1368 <τ’>
601 1300 768 1369 ἄρτον
806 1300 840 1367 ἤ
881 1297 1005 1368 <τ’>
1043 1300 1306 1367 ἤμαιθον,
1346 1299 1379 1368 ἢ
1420 1299 1502 1352 ὅτι
1541 1319 1621 1362 τις
1658 1296 1855 1370 χρῄζει.

365 1385 503 1456 δότ’,
543 1383 780 1455 ὦγαθοί,
820 1386 944 1455 <τι>
983 1396 1092 1440 τῶν
1132 1386 1354 1449 ἕκαστος
1392 1385 1454 1439 ἐν
1492 1385 1681 1457 χερσὶν

363 1477 472 1545 ἔχει
510 1475 748 1544 κορώνῃ·
788 1475 925 1544 χάλα
964 1476 1192 1543 λήψεται
1231 1477 1494 1545 χόνδρον·
2015 1492 2043 1530 5

362 1566 517 1631 φιλεῖ
551 1563 654 1630 γὰρ
696 1562 831 1630 αὕτη
871 1563 1050 1632 πάγχυ
1089 1571 1259 1616 ταῦτα
1298 1564 1619 1635 δαίνυσθαι·

365 1651 393 1705 ὁ
433 1658 540 1704 νῦν
579 1652 711 1713 ἅλας
750 1652 883 1714 δοὺς
921 1646 1057 1704 αὖθι
1097 1654 1292 1722 κηρίον
1332 1652 1511 1705 δώσει.

361 1736 404 1793 ὦ
444 1749 567 1808 παῖ,
605 1739 790 1809 θύρην
830 1741 1050 1808 ἄγκλινε
1087 1771 1149 1778 -
1186 1744 1440 1803 Πλοῦτος
1475 1742 1704 1810 ἤκουσε,

361 1825 452 1881 καὶ
491 1835 554 1898 τῇ
593 1830 810 1899 κορώνῃ
850 1827 1128 1898 παρθένος
1165 1827 1321 1900 φέρει
1361 1838 1514 1883 σῦκα.

360 1919 515 1985 θεοί,
553 1916 768 1985 γένοιτο
807 1916 969 1971 πάντ’
1005 1918 1279 1987 ἄμεμπτος
1317 1918 1350 1987 ἡ
1390 1919 1562 1989 κούρη
1989 1934 2043 1974 10

361 2003 628 2074 κάφνειὸν
666 2007 845 2074 ἄνδρα
883 2006 1240 2075 κώνομαστὸν
1280 2005 1519 2077 ἐξεύροι,

361 2091 451 2146 καὶ
490 2101 564 2165 τῷ
603 2093 820 2164 γέροντι
858 2092 1020 2164 πατρὶ
1059 2101 1265 2164 κοῦρον
1304 2096 1381 2158 εἰς
1418 2104 1604 2165 χεῖρας

361 2180 452 2234 καὶ
490 2181 651 2251 μητρὶ
689 2184 898 2253 κούρην
936 2185 1015 2246 εἰς
1053 2183 1119 2236 τὰ
1156 2190 1332 2251 γοῦνα
1371 2187 1628 2253 κατθειή,

360 2271 534 2333 θάλος
571 2265 794 2340 mapsa)
834 2281 1067 2340 γυναῖκα
1105 2281 1220 2334 τοῖς
1256 2274 1619 2340 κασιγνήτοις.

362 2358 465 2427 ἐγὼ
507 2357 582 2427 δ’,
622 2359 753 2412 ὅκου
791 2360 957 2422 πόδες
992 2358 1278 2429 φέρουσιν,
1328 2360 1653 2428 ὀφθαλμοὺς
1989 2376 2041 2415 15

478 2503 746 2548 Athenaeus
771 2504 879 2548 VIII
909 2519 953 2560 p.
980 2504 1138 2550 359E:
1172 2500 1279 2548 οἶδα
1312 2503 1363 2549 δὲ
1399 2502 1594 2550 Φοίνικα
1624 2505 1706 2550 τὸν
1737 2507 2042 2562 Κολοφώνιον

363 2561 642 2621 ἰαμβοποιὸν
681 2562 1033 2620 μνημονεύοντά
1071 2580 1212 2608 τινων
1252 2564 1438 2620 ἀνδρῶν
1470 2566 1530 2615 ὡς
1560 2562 1841 2622 ἀγειρόντων
1872 2572 1927 2623 τῇ
1961 2582 2039 2609 κο-

361 2622 466 2680 ρών,
486 2655 498 2676 ,
530 2622 610 2665 καὶ
633 2621 826 2678 λέγοντα
847 2629 996 2666 ταῦτα
1021 2627 1079 2677 (v.
1108 2625 1280 2679 1—17).
1339 2623 1420 2667 καὶ
1446 2622 1521 2667 ἐπὶ
1543 2622 1660 2668 τέλει
1690 2622 1741 2668 δὲ
1766 2630 1848 2668 τοῦ
1873 2624 2042 2684 ἰάμβου

363 2694 507 2736 φησιν
523 2682 747 2738 (18—21).
781 2681 1057 2737 κορωνισταὶ
1081 2680 1132 2725 δὲ
1158 2681 1407 2726 ἐκαλοῦντο
1433 2686 1524 2727 κτλ.
1566 2682 1756 2727 Praeter
1781 2683 1898 2727 alios
1922 2683 2042 2727 hane

361 2739 646 2783 cantilenam
674 2742 998 2784 tractaverunt
1026 2740 1241 2784 Meineke
1266 2740 1523 2786 Choliamb.
1548 2757 1591 2798 p.
1615 2747 1698 2786 140
1712 2757 1779 2798 sq.
1826 2742 1962 2787 Anal.
1981 2743 2044 2786 ad

358 2798 466 2842 Ath.
489 2802 587 2855 159,
604 2799 771 2856 Bergk.
790 2798 977 2843 Anthol.
996 2814 1039 2855 p.
1058 2799 1207 2843 XXIII
1224 2804 1321 2844 217.
1350 2800 1431 2857 Op.
1447 2801 1489 2844 II
1504 2806 1587 2844 153
1599 2816 1663 2857 sq.
1691 2803 1704 2857 ΙΙ
1750 2805 1776 2844 3
1802 2798 1918 2860 (τ’)
1934 2801 2040 2845 add.

359 2856 586 2913 Meineke,
619 2857 674 2903 cf.
699 2873 741 2914 p.
770 2863 823 2902 61
851 2858 913 2901 ad
935 2871 1136 2914 prooem.
1157 2863 1182 2902 9
1207 2862 1221 2914 ΙΙ
1267 2863 1295 2901 4
1327 2857 1516 2911 ἕκαστος
1538 2876 1606 2911 τις
1629 2860 1761 2905 codd.
1787 2862 1802 2915 ,ΙΙ
1850 2864 1873 2902 7
1900 2856 2043 2910 αὖθις
2118 2871 2124 2878 ·

361 2915 492 2960 codd.
519 2919 532 2973 ΙΙ
557 2920 583 2959 8
618 2915 836 2972 ἔκρουσεν
859 2917 1028 2974 Bergk,
1063 2917 1145 2961 sed
1175 2917 1474 2974 interpretor:
1507 2919 1677 2963 Plutus
1702 2933 1770 2963 me
1792 2919 2042 2973 exaudivit,

359 2989 468 3017 nam
507 2976 666 3031 puella
697 2978 783 3020 etc.
809 2978 823 3031 ΙΙ
878 2981 933 3019 10
951 2990 1048 3031 sqq.
1084 2975 1140 3021 cf.
1165 2976 1366 3022 Herond.
1390 2977 1454 3021 IV
1478 2982 1534 3021 83
1552 2992 1664 3033 sqq„
1696 2977 1747 3020 11.
1775 2982 1802 3019 I
1823 2981 1922 3032 455,
1957 2976 2040 3021 od.

360 3033 385 3084 ζ
409 3036 508 3078 155.
534 3038 619 3076 180
642 3035 657 3090 ΙΙ
691 3039 746 3077 14
776 3034 1073 3091 κασιγνήτοις
1094 3036 1311 3092 coynatis,
1345 3035 1400 3081 cf.
1427 3036 1567 3080 schol.
1598 3037 1635 3080 O
1659 3039 1742 3079 545
1768 3035 2004 3092 (Meinek.)
2029 3036 2043 3094 Η

360 3095 416 3133 15
451 3090 745 3151 ὀφθαλμοὺς]
774 3091 1000 3150 ἰφθίμους
1022 3093 1269 3150 HauptiuS,
1301 3094 1451 3150 possis
1477 3092 1761 3151 εὐφθόγγοις
1792 3094 1867 3138 vel
1890 3093 2042 3151 ἀψάλ-
