2164 3362
755 203 1263 245 ΑΜΦΙΣΒΗΤΗΣΙΜΑ
1786 200 1855 253 69

271 335 504 393 Apostolii
535 335 847 394 Δημώνακτος
875 348 970 379 non
998 347 1172 380 moror.
1205 333 1287 378 sed
1316 346 1410 377 non
1441 332 1540 378 sine
1571 346 1713 377 causa
1742 332 1858 378 Mei-

182 393 350 438 nekius
382 394 441 439 ab
465 393 557 452 Hip
558 396 756 452 ponacte
779 393 901 439 tales
930 393 1185 438 sententias
1218 391 1398 438 alienas
1430 405 1530 437 esse
1562 391 1728 436 statuit
1756 405 1857 436 ver-

186 466 378 509 sumque
409 453 622 499 Herodae
656 452 904 510 adscripsit
933 451 1078 509 (Chol.
1110 467 1154 509 p.
1183 453 1296 509 106).
1351 450 1659 509 Hipponactis
1689 464 1858 495 nomen

182 513 327 615 etiam
351 513 475 570 apud
497 511 795 557 Eustathium
822 526 905 569 pro
924 511 1144 556 Heronda
1170 510 1487 568 substitutum,
1505 509 1561 555 cf.
1580 510 1641 554 ad
1656 510 1856 555 Herond.

257 576 313 615 74
331 586 396 628 sq

978 662 1062 715 22.

802 764 1131 819 ἀνανεοῦται

305 864 370 911 cf.
403 865 538 910 Matt.
571 864 624 910 fr.
652 869 677 909 2
703 861 832 910 'infra
861 880 909 922 p.
936 869 1004 911 72.

978 1015 1063 1068 23.

809 1115 1116 1187 ἀφηδύνειν

305 1219 372 1265 Cf.
403 1219 541 1268 Matt.
571 1218 627 1268 fr.
651 1223 679 1262 4
710 1218 834 1262 infra
864 1233 908 1275 p.
937 1222 1004 1263 73.

915 1368 1000 1420 24.
1042 1366 1126 1420 25.

711 1471 974 1524 ὄλυνθον.
1051 1434 1331 1532 ὀλύνθᾈυς

302 1570 370 1619 Cf.
400 1570 540 1619 Matt.
569 1569 624 1615 fr.
658 1574 683 1614 6
706 1585 772 1626 sq.
805 1569 928 1614 infra
958 1585 1002 1626 p.
1031 1573 1085 1613 73
1103 1585 1169 1626 sq.

974 1719 1060 1772 26.

317 1820 766 1893 Apostol.-Arsen.
789 1822 841 1875 V
864 1824 932 1875 41
962 1821 1220 1894 (Paroem.
1245 1821 1347 1875 vol.
1371 1821 1424 1875 II
1455 1841 1506 1892 p.
1533 1823 1640 1876 344
1665 1819 1856 1893 Gott.):

183 1919 353 1982 γῆρας
374 1910 465 1965 καὶ
488 1913 667 1979 πενία,
692 1911 793 1965 δύο
818 1911 1097 1982 τραύματα
1123 1910 1560 1982 δυσθερᾶπευτα·
1585 1908 1858 1979 Ἡρώδου.

299 2025 447 2070 Nulla
469 2025 653 2070 Arsenii
676 2026 805 2071 fides.
843 2026 898 2069 In
928 2025 1170 2084 florilegio,
1202 2040 1294 2082 quo
1325 2026 1558 2082 utebatur,
1589 2025 1667 2070 hic
1696 2039 1857 2070 versus

181 2085 243 2129 ab
283 2085 390 2129 aliis
431 2084 524 2129 alio
564 2084 743 2129 auctori
781 2084 984 2129 tributus
1033 2084 1231 2129 similem
1276 2085 1490 2130 Herodae
1530 2084 1741 2142 eclogam
1780 2084 1855 2142 (cf.

184 2143 239 2190 fr.
267 2146 341 2201 12)
375 2142 610 2201 excepisse
640 2143 844 2189 videtur:
877 2144 999 2188 unde
1032 2157 1157 2188 error
1187 2143 1457 2201 explicatur.

976 2295 1062 2347 27.

300 2378 575 2424 Coniectura
597 2378 736 2423 nimis
768 2378 862 2423 levi
885 2378 1067 2424 iambos
1098 2381 1262 2436 rectos,
1295 2393 1410 2435 quos
1433 2378 1668 2423 Leonidae
1691 2377 1859 2423 tribuit

184 2436 411 2482 Stobaeus
436 2437 555 2482 CXX
579 2442 620 2494 9,
651 2437 897 2482 Herondae
919 2437 1180 2483 vindicavit
1201 2437 1428 2497 Bergkius
1451 2437 1602 2483 PLGr.
1626 2438 1724 2495 Hp
1728 2441 1856 2483 ..512

183 2494 354 2540 Contra
385 2496 545 2553 aliqua
605 2496 908 2541 robabilitate
940 2510 1060 2553 quae
1091 2497 1148 2541 de
1173 2497 1393 2542 Orissami
1417 2496 1508 2542 Coo
1533 2522 1590 2529 —
1615 2496 1778 2541 eodem
1807 2495 1858 2539 ni

182 2553 321 2598 fallor
359 2567 388 2598 a
428 2568 518 2611 quo
596 2554 856 2613 ppocrates
888 2569 1033 2612 genus
1066 2555 1260 2600 deduxit
1290 2556 1453 2613 (Epist.
1487 2561 1513 2599 2
1544 2571 1588 2613 p
1616 2559 1701 2599 289
1724 2555 1855 2611 Hch.‚

184 2612 356 2669 Tzetz.)
388 2639 443 2645 —
474 2612 595 2658 mira
630 2613 829 2658 tradidit
864 2614 1091 2671 Didymus
1130 2615 1255 2673 apud
1285 2614 1505 2659 Photium
1543 2614 1735 2659 Suidam
1765 2614 1856 2657 He-

184 2670 394 2738 sychium
436 2671 508 2717 Ps.
513 2672 785 2716 -Zenobium
817 2677 903 2716 364
979 2678 1127 2730 .102,
1168 2674 1229 2718 ad
1270 2675 1459 2730 poetam
1502 2673 1645 2717 Coum
1686 2672 1856 2717 referre

184 2730 357 2786 possis,
347 2730 446 2832 ;IHc.f
479 2730 799 2788 Tuempelium
822 2731 956 2776 Philo
978 2731 1056 2789 ogi
1085 2732 1176 2778 vol.
1200 2732 1237 2776 L
1262 2737 1359 2777 628.
1423 2731 1598 2777 Similis
1630 2734 1702 2776 est
1730 2731 1856 2775 Nan-

181 2802 325 2833 nacus
454 2794 521 2834 10.

1885 1726 1920 1756 p.
1938 1716 2003 1750 519.

1899 1761 1984 1802 ng
