2130 3380
879 217 1219 262 PRAEFATIO
1850 219 1891 263 V

208 319 568 415 abundantius
601 351 841 419 appellat
872 341 1070 404 femina
1102 369 1348 421 precans3
1383 350 1568 421 ὑμέων
1600 352 1658 404 111
1687 352 1896 406 lenonis

208 438 447 491 oratione
479 457 579 507 pro
605 439 762 492 domo
794 439 982 492 habita
1004 438 1055 491 H
1081 441 1148 492 27
1176 439 1430 515 creticum
1455 439 1653 510 explet,
1684 441 1892 510 ἡμείων

205 525 232 578 Ι
263 527 334 579 46
376 524 630 597 (tenenda
662 527 803 580 enim
834 526 994 580 lectio
1027 525 1280 601 pristina)
1320 527 1378 581 in
1413 546 1655 581 sermone
1677 529 1896 603 ‘vetulae

103 635 108 639 ·
206 613 523 667 hariolantis
562 615 877 685 molossum,
916 634 1036 668 cum
1075 614 1245 684 ὑμέας
1283 615 1469 685 ὑμέων
1509 616 1623 669 sim.
1664 616 1895 686 plerum-

128 731 134 737 ·
206 719 309 770 que
363 721 461 771 per
507 703 873 772 synaloephen
927 703 984 756 in
1032 704 1325 773 spondeum
1376 705 1780 774 contrahantur3
1832 705 1894 757 ef.

205 789 368 842 etiam
405 789 457 843 H
489 793 536 845 6.
598 790 750 843 Adde
792 792 935 862 quod
973 795 1135 861 poeta
1173 792 1344 845 multa
1382 793 1622 862 variavit,
1662 797 1723 846 ut
1758 811 1895 846 eom-

204 877 414 931 modius
458 879 544 931 vel
583 879 790 932 dulcius
828 879 1318 948 pronuntiarentur.
1396 880 1516 934 Hue
1555 881 1726 934 refero
1772 899 1813 933 e.
1854 899 1895 934 e.

142 965 148 971 ·
202 965 334 1020 πάλι
374 970 497 1019 ante
537 988 575 1037 μ
612 966 664 1019 11
695 969 765 1020 52
805 968 937 1022 πάλι
975 974 1120 1037 μυῆν
1161 967 1352 1040 (πάλιν
1389 968 1441 1021 V
1471 970 1558 1021 47.
1597 968 1701 1021 Vn
1733 971 1780 1021 6.
1824 970 1894 1022 98
1971 954 1973 956 ’

131 1095 134 1100 .
204 1057 327 1106 ante
358 1076 400 1125 φ
426 1075 478 1128 ικ,
509 1055 563 1107 111
597 1054 804 1127 pausa),
835 1059 1012 1125 atque,
1045 1056 1188 1124 quod
1220 1056 1437 1126 gravius
1469 1060 1565 1125 est,
1596 1077 1692 1126 μιν
1725 1061 1778 1108 et
1802 1077 1895 1110 νιν

199 1145 417 1212 formaS‚
450 1144 514 1196 of.
546 1143 622 1196 HI
647 1147 713 1198 31
743 1144 848 1212 ἐγώ
874 1165 989 1213 μιν,
1012 1143 1116 1197 VH
1140 1146 1207 1197 12
1241 1146 1300 1197 ἔκ
1323 1165 1420 1213 μιν
1445 1145 1637 1213 αὐτήν,
1659 1143 1763 1197 VH
1791 1147 1891 1198 101

203 1232 309 1301 ἐγώ
343 1253 453 1302 μιν;
483 1231 561 1284 ΠΙ
585 1234 655 1286 33
689 1232 831 1295 ὅκως
861 1252 973 1301 νιν,
998 1233 1077 1286 ⁷54
1109 1232 1283 1295 ὕπνος
1313 1253 1428 1302 νιν,
1461 1234 1532 1285 90
1564 1236 1755 1302 λαβεῖν
1785 1254 1897 1301 νιν,

204 1322 275 1374 96
316 1321 455 1382 ὅκως
492 1340 605 1388 νιν,
649 1318 726 1373 VI
760 1322 827 1374 21
870 1319 1163 1391 τριτημέρῃ
1211 1341 1326 1374 νινε
1372 1338 1498 1373 nam
1540 1324 1670 1390 'post
1717 1339 1895 1374 conso-

203 1395 392 1462 nantes
418 1408 656 1461 dentales
682 1407 741 1480 (6
765 1406 824 1479 ν)
857 1408 1253 1481 commoditatis
1285 1427 1442 1462 eausa
1471 1430 1564 1463 νιν
1597 1427 1718 1462 eum
1749 1429 1896 1478 prae-

203 1497 390 1550 tulisse
428 1497 598 1567 vides3
638 1497 777 1550 unde
818 1501 872 1549 et
905 1497 1330 1560 Rutherfordum
1369 1497 1607 1566 aliosque
1647 1519 1743 1567 μιν
1782 1517 1898 1567 per·

204 1604 389 1654 peram
420 1585 622 1654 ubique
654 1586 952 1638 restituisse
993 1589 1046 1638 et
1078 1585 1301 1638 alteram
1331 1604 1549 1638 manum
1579 1585 1631 1639 V
1666 1588 1733 1639 70
1773 1590 1898 1654 post

209 1674 462 1742 κήπίδοις
502 1673 808 1727 coniectura
847 1674 1130 1727 temeraria
1169 1670 1271 1743 μὲν
1309 1674 1366 1726 111
1397 1680 1493 1743 μιν
1531 1677 1762 1726 mutasse
1795 1673 1897 1726 eol·

206 1762 305 1833 ligi
353 1765 547 1830 potest.
624 1746 707 1815 Ex
757 1761 941 1814 eadem
986 1761 1106 1832 lege
1162 1761 1222 1815 ἐν
1272 1760 1525 1830 γναφέως
1578 1766 1711 1834 οἴκῳ
1762 1762 1899 1814 dixit

201 1849 279 1909 IV
317 1852 401 1918 78,
440 1854 671 1921 βατηρίῃ
711 1851 894 1921 κνάψῃ
925 1848 1055 1903 VIH
1085 1851 1171 1902 43.
1235 1847 1420 1903 Simile
1457 1849 1514 1901 ni
1554 1849 1711 1902 fallor
1750 1850 1898 1920 illud,

204 1939 347 2009 quod
387 1939 639 2009 σάμβαλα
687 1940 1076 2009 σαμβαλίσκων
1114 1936 1218 1991 VH
1251 1939 1335 1991 60.
1372 1939 1477 1991 125
1517 1938 1778 2006 seriptum
1818 1942 1899 1991 est

202 2031 326 2096 post
372 2027 632 2096 vocalem,
679 2030 804 2096 post
852 2028 1233 2079 consonantem
1278 2024 1633 2095 ἁμβαλούχην
1671 2025 1774 2078 VH
1816 2028 1899 2095 19,

203 2120 362 2185 atque
390 2105 541 2185 'quod
568 2115 796 2171 rariores
828 2115 950 2168 illae
984 2133 1118 2190 quae
1151 2133 1182 2166 a
1212 2133 1242 2167 τ
1274 2114 1542 2188 incipiunt
1565 2115 1901 2183 pronominis

203 2204 415 2258 relativi
439 2205 642 2258 formae
669 2189 924 2274 quattuor
947 2203 1080 2256 locis
1103 2203 1341 2256 vocalem
1365 2203 1720 2272 insequuntur
1736 2203 1811 2275 (II
1829 2206 1900 2257 64

205 2299 328 2362 μευ,
367 2301 462 2362 τῆς
492 2292 678 2362 τελέω,
716 2292 794 2346 IV
829 2295 894 2346 17
931 2291 1464 2376 ἐποιεύμεσθαχτάς,
1494 2291 1546 2345 V
1577 2293 1647 2345 28
1682 2294 1899 2359 δρῶντα

53 2371 59 2377 ’
127 2449 133 2454 ⁶
203 2390 342 2450 τῶν,
386 2381 464 2435 VI
496 2383 563 2436 31
607 2379 698 2435 ίιαὶ
738 2379 935 2451 ταῖσι),
982 2399 1088 2434 uno
1127 2372 1248 2433 loeo
1294 2383 1419 2449 post
1462 2398 1733 2433 caesuram
1780 2399 1898 2434 eon-

115 2467 124 2476 '
207 2473 486 2523 sonantem
511 2469 612 2542 (HI
637 2468 755 2541 21);
786 2489 911 2522 nam
939 2471 1005 2522 τὰ
1029 2474 1127 2539 λῇς
1149 2467 1227 2521 ΙΠ
1250 2469 1334 2542 35.
1358 2467 1461 2528 VII
1479 2471 1548 2522 88
1583 2468 1744 2521 etiam
1776 2469 1900 2521 hine

208 2558 557 2612 offensionem
599 2559 779 2611 habet.
855 2557 1022 2611 Aliud
1068 2557 1349 2610 eonsilium
1395 2557 1640 2610 versibus
1686 2557 1898 2630 quibus-

206 2645 327 2717 dam
360 2648 522 2714 poeta
554 2651 768 2712 seeutus
800 2650 894 2717 est,
927 2646 984 2699 in
1017 2646 1214 2715 quibus
1245 2664 1345 2714 pro
1377 2645 1591 2698 usitatis
1622 2644 1730 2697 illis
1762 2646 1900 2708 ὅκως

139 2756 144 2761 ·
205 2742 356 2797 κοῖος
402 2733 649 2787 adhibuit
697 2735 843 2797 ὅπως
890 2743 1073 2802 ποῖος,
1120 2734 1183 2786 ef.
1223 2732 1327 2786 VH
1366 2735 1438 2786 22
1485 2733 1631 2795 ὅπως
1675 2732 1899 2802 πέπηγε,

203 2820 348 2882 Π,28
381 2822 483 2876 κάκ
513 2825 678 2877 ποίου
715 2823 719 2890 Ι
754 2822 1293 2890 πήλουπεφύρηται,
1324 2820 1375 2873 V
1400 2822 1455 2873 9:
1488 2820 1709 2874 consilio
1742 2820 1898 2890 enim,

202 2929 312 2963 non
337 2929 515 2965 errore
539 2930 577 2964 π
603 2911 725 2963 illae
750 2914 932 2962 ternae
957 2902 1041 2962 vel
1067 2912 1356 2978 quaternae
1374 2911 1737 2979 congregatae
1760 2914 1898 2962 sunt.

203 2999 449 3068 Denique
500 3018 530 3052 a
576 2998 852 3052 vocabulis
898 2997 1263 3068 singularibus
1315 3015 1503 3051 manus
1554 2997 1899 3050 abstinendas
