2130 3380
253 167 316 209 iv
895 156 907 168 ⁸
926 165 1265 210 PRAEFATIO

253 303 376 352 cum'
426 299 739 365 Buecheleri
794 299 1052 352 beneficio
1107 299 1309 352 nitidus
1371 299 1462 352 ille
1517 300 1650 353 mihi
1705 301 1943 354 adfertur

253 387 469 439 libellus
501 387 718 440 Bonnae
750 404 872 438 vere
904 386 1064 440 huius
1096 387 1442 455 annieditus,
1475 406 1634 457 quam
1657 387 1943 442 mimorum

254 475 535 528 Herondae
575 474 939 527 recensionem
986 474 1216 543 primam
1258 493 1372 527 esse
1419 474 1541 528 iure.
1573 476 1783 529 dixeris.
1859 470 1941 530 De

257 581 462 615 summa
502 563 594 630 rei,
635 581 768 630 quae
809 562 866 614 in
897 562 1225 615 aestimanda
1255 562 1384 615 libri
1422 582 1584 616 manu
1616 564 1804 633 scripti
1827 565 1943 618 ‘vir-

253 654 369 703 tute
416 650 593 719 posita
638 653 740 718 est,
786 668 907 702 cum
948 650 1275 703 Buechelero
1324 650 1456 703 mihi
1502 651 1612 704 fere
1659 653 1942 706 convenire

252 757 361 790 non
401 737 512 790 sine
553 737 749 807 gaudio
788 738 1056 807 intellexi,
1106 756 1427 806 quamquam
1471 739 1643 792 bonae
1684 741 1943 809 quaedam

254 826 457 895 primae
519 844 708 878 manus
771 826 1086 895 scripturae*
1122 826 1391 878 immerito
1449 827 1517 879 ab
1574 846 1635 880 eo
1702 828 1942 881 abiectae

244 914 513 966 videntur.
590 914 671 982 De
711 907 939 984 singulis
988 932 1199 982 quoque
1240 914 1644 982 quaestionibus
1684 934 1941 985 persaepe

254 1005 346 1054 aut
378 1002 779 1055 consentiebam
818 1005 910 1054 aut
943 1002 1332 1071 adsentiebam3
1370 1021 1468 1055 nec
1505 1006 1686 1056 tamen
1725 1004 1942 1056 deerant

254 1108 388 1158 quae
428 1108 545 1142 mea
584 1090 790 1142 ratione
829 1090 1021 1142 melius
1062 1078 1327 1158 explicari
1366 1090 1450 1142 vel
1490 1083 1736 1160 'suppleri
1784 1110 1942 1160 posse

255 1182 308 1230 et
348 1177 466 1230 aliis
515 1178 739 1250 etmihi
787 1178 1015 1246 probavi
1063 1177 1152 1249 (cf.
1194 1196 1327 1247 quae
1373 1178 1609 1231 breviter
1647 1179 1943 1249 significavi

253 1267 311 1318 in
357 1266 561 1319 diurnis
606 1265 883 1318 litterariis
925 1265 1172 1324 Zarnckii
1218 1266 1269 1318 h.
1309 1285 1352 1318 a.
1395 1267 1490 1319 col.
1531 1265 1678 1338 572).
1754 1265 1942 1335 Itaque

255 1354 472 1425 egregio
505 1354 599 1407 illo
634 1354 890 1423 opusculo
923 1354 1154 1407 multum
1198 1358 1251 1406 et
1282 1358 1563 1422 promotus
1604 1343 1666 1406 et¹
1688 1354 1943 1407 incitatus
1966 1364 1968 1366 ’
1995 1360 1999 1364 ”

254 1446 307 1494 et
339 1443 683 1495 confirmatus
722 1446 877 1513 grato
917 1443 1094 1495 animo
1135 1443 1201 1494 ad
1239 1442 1481 1495 laborem
1517 1446 1826 1514 susceptum
1865 1461 1942 1496 re-

255 1531 517 1595 vertebar.
1897 1594 1907 1604 ⁴

364 1618 569 1673 Paucis,
595 1637 695 1688 ego
735 1621 1019 1688 contentus
1058 1621 1249 1685 poetae
1289 1618 1578 1686 versiculos
1617 1618 1737 1670 dedi
1781 1637 1942 1687 quan-

257 1710 374 1759 tum
411 1706 527 1759 fieri
565 1705 747 1775 potuit
787 1705 854 1757 ad
891 1704 1096 1773 primae
1129 1723 1317 1758 manus
1356 1690 1566 1758 litteras
1606 1705 1941 1759 constitutos,
1984 1738 1987 1740 -
2039 1704 2052 1717 ‘

254 1794 591 1848 Recentioris
615 1812 804 1846 manus
829 1787 1161 1846 correcturae
1187 1794 1370 1866 eadem
1393 1794 1513 1864 lege
1538 1790 1814 1863 admissae,
1838 1813 1942 1864 qua

255 1883 588 1936 coniecturae
628 1882 908 1934 hominum
948 1882 1238 1934 doctorum.
1308 1882 1656 1935 Gravioribus
1695 1883 1942 1936 mutatioss

254 1971 416 2024 nibus
442 1963 658 2023 omnino
685 1989 821 2039 opus
844 1989 953 2023 non
978 1988 1090 2022 esse
1123 1970 1255 2022 mihi
1282 1971 1522 2039 persuasi
1546 1970 1727 2023 verbis
1751 1974 1943 2040 poetae

256 2059 542 2129 diligenter
574 2058 845 2111 enarratis.
908 2057 1186 2111 Scribendi
1212 2057 1475 2110 rationem
1506 2058 1573 2110 ad
1597 2062 1769 2111 certas
1795 2059 1941 2112 scho-

254 2147 336 2200 lae
376 2147 589 2218 regulas
635 2150 826 2216 poetae
874 2146 1087 2217 ignotas
1134 2146 1362 2216 dirigere
1408 2146 1580 2215 nolui,
1627 2147 1944 2215 praesertim

256 2255 377 2289 cum
422 2220 614 2288 miram
660 2234 809 2287 illam
848 2234 1145 2303 scripturae
1189 2234 1502 2287 varietatem
1544 2234 1746 2287 variam
1783 2235 1952 2310 inter—-

257 2325 382 2378 dum
428 2323 921 2393 pronuntiationem
971 2323 1171 2376 imitari
1218 2322 1503 2391 probabile
1551 2322 1633 2376 sit.
1710 2323 1792 2377 De
1838 2323 1942 2387 dia—

254 2413 394 2466 lecto
428 2412 760 2482 perdifficilis
792 2415 873 2464 est
903 2411 1158 2481 quaestio,
1213 2411 1355 2464 Nam
1386 2412 1572 2465 formis
1604 2411 1792 2465 ionicis
1823 2411 1942 2464 atti-

256 2502 436 2574 cisque
476 2501 680 2554 doricas
719 2503 880 2569 poeta
921 2499 1059 2553 Cous
1098 2499 1364 2568 adspersit
1402 2499 1591 2571 (quare
1631 2500 1793 2553 etiam
1829 2501 1943 2571 ἰδίᾳ

255 2590 463 2659 γλώσσῃ
495 2589 547 2641 V
572 2579 639 2642 3‘7
675 2589 791 2642 sim.
823 2587 1070 2659 servavi),
1109 2591 1269 2657 atque
1309 2588 1438 2641 adeo
1479 2588 1626 2657 ipsos
1663 2588 1943 2642 hominum

256 2695 431 2730 mores
471 2677 706 2730 diversos
749 2677 955 2730 diversa
1002 2676 1299 2730 elocutione
1347 2677 1671 2746 expressisse
1717 2677 1940 2730 videtur.
2000 2728 2006 2734 .

256 2765 439 2817 Veluti
487 2764 565 2818 ΙΠ
612 2766 696 2819 35.
750 2764 853 2819 VH
892 2766 960 2819 88
1015 2764 1200 2833 inepta
1252 2765 1417 2833 τάλης
1470 2766 1640 2818 forma
1693 2765 1942 2819 mulieres
2003 2753 2005 2755 ,

258 2856 484 2906 utuntur
516 2853 824 2906 cavillantes
855 2852 994 2926 (sim.
1027 2852 1079 2905 H
1109 2855 1194 2920 29.
1228 2850 1346 2924 29);
1385 2853 1588 2924 gallum
1627 2854 1801 2921 οἰκίης
1831 2856 1942 2907 τοί-
2038 2858 2051 2870 ’

257 2942 370 3010 xm)
407 2943 637 3012 κήρυκα,
678 2942 821 3009 quod
860 2941 988 2994 olim
1020 2941 1078 2994 in
1109 2940 1503 2995 dubitationem
1533 2939 1732 3009 vocavi,
1769 2939 1847 2994 IV
1873 2942 1939 2994 12
