2164 3362
122 2007 193 2042 eol.
211 2010 253 2041 14

1067 761 1156 814 III.

780 878 1444 940 ΔΙΔΑΣΚΑΛΟΣ.

931 1111 1295 1152 ΜΗΤΡΟΤΙΜΗ

277 1200 435 1253 Οὕτω
475 1202 533 1252 τί
568 1214 654 1253 σοι
695 1201 925 1268 δοίησαν
966 1201 1028 1252 αἱ
1062 1202 1218 1269 φίλαι
1257 1201 1510 1266 Μοῦσαι,

274 1290 620 1357 Λαμπρίσκε,
662 1290 897 1357 τερπνὸν
935 1295 1030 1355 τῆς
1071 1289 1190 1356 ζόης
1227 1285 1275 1338 τ’
1312 1285 1650 1357 ἐπαυρέσθαι
1686 1319 1748 1326 -
1785 1327 1788 1329 v

274 1383 471 1429 τοῦτον
509 1373 627 1427 κατ’
665 1377 816 1443 ὤμου
857 1377 1063 1446 ὃεῖρον,
1103 1376 1259 1446 ἄχρις
1301 1374 1329 1442 ἡ
1368 1376 1515 1444 ψυχὴ

275 1464 444 1516 αὐτοῦ
486 1462 572 1515 ε’πὶ
612 1461 837 1532 χειλέων
877 1470 1089 1531 μοῦνον
1127 1463 1159 1531 ἡ
1200 1465 1335 1531 κακὴ
1376 1467 1598 1533 λειφθῇ.

275 1554 334 1604 ἔκ
372 1571 472 1620 μευ
512 1554 768 1619 ταλαίνης
805 1552 906 1618 τὴν
947 1550 1143 1619 στέγην
1181 1553 1532 1620 πεπόρθηκεν
1929 1565 1955 1603 5

274 1641 538 1710 χαλκίνδα
576 1641 803 1703 παίζων·
844 1637 934 1691 καὶ
973 1640 1076 1708 γὰρ
1118 1637 1240 1692 οὐδ’
1277 1638 1615 1708 ἀπαρκεῦσιν

275 1730 336 1781 αἱ
370 1727 730 1797 ἀστραγάλαι,
770 1729 1119 1797 Λαμπρίσκε,
1158 1734 1448 1796 συμφορῆς
1490 1725 1541 1780 δ’
1577 1728 1682 1796 ἤδη

276 1817 418 1888 ὁρμᾷ
459 1814 546 1868 ἐπὶ
586 1814 761 1884 μέζον.
838 1824 939 1868 κοῦ
978 1812 1078 1884 μὲν
1116 1816 1149 1884 ἡ
1189 1817 1337 1886 θύρη
1377 1825 1549 1868 κεῖται

275 1912 374 1958 τοῦ
413 1902 824 1974 γραμματιστέω
864 1903 956 1956 καὶ
995 1905 1219 1972 τριηκὰς
1255 1904 1288 1972 ἡ
1327 1906 1493 1974 πικρὴ

275 1994 373 2046 τὸν
412 1994 619 2061 μισθὸν
659 1993 800 2044 αἰτεῖ
833 1991 936 2060 κῆν
976 1992 1041 2043 τὰ
1080 1992 1671 2058 Ναννάκου-κλαύσω,
1902 2006 1957 2044 10

277 2080 378 2133 οὐκ
417 2079 485 2132 ἂν
524 2079 726 2148 ταχέως
765 2078 957 2143 λέξειε·
998 2080 1098 2146 τήν
1137 2099 1198 2147 γε
1238 2080 1347 2148 μὴν
1385 2082 1675 2149 παίστρην,

277 2168 511 2237 ὅπουπερ
552 2169 851 2232 οἰκίζουσιν
891 2169 949 2221 οἵ
982 2187 1037 2220 τε
1077 2167 1368 2238 προῦνικοι

395 2332 420 2370 3
453 2328 631 2371 ΔΙΡΟΝ
656 2329 671 2383 ΙΙ
739 2332 767 2371 4
798 2327 1012 2371 ΧΙΛΕΟΟΝ
1041 2328 1047 2384 1
1076 2327 1267 2370 ΛΙΦΘΗΙ
1294 2328 1309 2383 ΙΙ
1377 2330 1402 2369 5
1436 2324 1599 2384 στέγην
1625 2348 1680 2363 =
1708 2322 1837 2371 οἶκον
1861 2328 1876 2384 ΙΙ
1931 2331 1958 2370 6

276 2399 554 2459 ΧΑΛΚῙΝΔΔ
588 2430 624 2460 ο.
652 2418 859 2472 accentu,
893 2446 917 2459 κ
949 2415 1029 2460 lin.
1062 2415 1112 2458 in
1142 2428 1287 2472 marg.
1323 2414 1436 2459 sin.‘?
1460 2417 1475 2471 ss
1545 2419 1569 2457 7
1602 2397 1954 2458 ΔΕΤΡΑΓᾸΛΔΙ

277 2488 314 2519 c.
342 2489 450 2530 acc„
483 2475 540 2519 ef.
573 2475 702 2520 Eust.
732 2478 782 2519 Ψ
803 2479 858 2519 86
889 2490 934 2531 p.
962 2478 1097 2529 1289;
1131 2474 1327 2518 alteram
1356 2473 1590 2531 produxit,
1623 2475 1676 2516 ut
1706 2473 1957 2530 Hipponax

277 2531 526 2590 φαρμᾶκόν
559 2533 658 2578 Sim.
683 2536 698 2590 ΙΙ
752 2539 778 2579 8
812 2534 953 2587 ΚΙΤΔΙ
980 2535 995 2590 ΙΙ
1050 2537 1105 2576 10
1137 2534 1270 2588 ΔΙΤΙ,
1304 2532 1471 2576 deinde
1502 2531 1806 2575 interstitium
1829 2534 1844 2587 ΙΙ
1899 2537 1953 2574 11

275 2592 389 2636 Post
421 2593 585 2636 ΛΗΞΙΕ
618 2591 943 2648 interstitium,
976 2605 1088 2636 corr.
1123 2591 1180 2635 Bl
1210 2591 1272 2635 W
1294 2593 1309 2647 ΙΙ
1363 2596 1416 2634 12
1449 2592 1798 2648 παροικίζουσιν
1829 2590 1886 2633 Bl

399 2745 451 2783 10
491 2739 658 2784 Zenob.
699 2739 822 2797 volg.
858 2743 942 2783 510
975 2761 1030 2775 =
1061 2738 1169 2783 Ath.
1203 2739 1244 2782 II
1277 2742 1382 2783 101:
1437 2737 1495 2781 τὰ
1538 2737 1632 2781 ἀπὸ
1672 2735 1953 2782 Ναννάκου·

286 2835 295 2844 .
316 2835 324 2843 .
346 2835 354 2844 .
376 2836 384 2844 .
405 2798 480 2842 ἐπὶ
518 2806 610 2843 τῶν
646 2797 794 2843 πολλὰ
833 2797 1151 2854 θρηνούντων.
1214 2795 1469 2848 Νάννακος
1499 2796 1587 2854 γὰρ
1622 2794 1802 2853 ἐγένετο
1836 2798 1956 2850 Φρυ-

277 2865 370 2915 γῶν
411 2857 622 2916 βασιλεύς
640 2894 649 2904 .
669 2893 679 2904 .
700 2894 708 2903 .
728 2892 739 2913 ,
789 2856 838 2908 ὃς
875 2858 1103 2913 προειδὼς
1141 2856 1223 2901 τὸν
1256 2854 1476 2914 μέλλοντα
1508 2853 1857 2911 κατακλυσμὸν.
1879 2889 1886 2897 .
1907 2889 1916 2898 .
1939 2890 1947 2898 .

267 2916 391 2973 -μετὰ
437 2916 654 2972 δακρύων
694 2914 910 2960 ἱκέτευεν.
968 2915 1177 2972 “Ηρώὸης
1216 2913 1267 2959 δὲ
1301 2914 1324 2959 ὁ
1357 2915 1634 2974 ἰαμβοποιὸς
1665 2910 1826 2969 φησίν·
1876 2910 1956 2956 ἵνα

277 2975 334 3019 τὰ
368 2974 624 3019 Ναννάκου
657 2975 851 3020 κλαύσω.

2151 2185 2158 2192 ·
2140 1893 2161 2154 -‘·-Wm⁴⁶*·
2152 1839 2164 1862 ψ
2150 1738 2164 1814 wem.
2159 1715 2164 1722 Α.
2158 1660 2164 1693 -.-
2160 1590 2162 1594 ,
2158 1563 2164 1573 v.
2157 1521 2164 1526 .
