2130 3380
228 235 291 278 VI
557 295 560 298 Ι
808 223 816 228 ’
899 227 1239 272 PRAEFATIO

229 385 340 430 esse
380 365 470 417 vix
502 368 581 417 est
623 362 764 431 quod
795 379 1054 438 moneam.
1123 361 1288 414 Velut
1329 363 1469 430 quod
1499 363 1828 416 Rutherford
1858 366 1912 416 et

227 450 553 504 Hei-werden
584 449 958 519 corrigendum
982 452 1301 502 censuerunt
1331 453 1675 519 κατασβῶσαι
1701 450 1777 521 (V
1801 434 1913 520 39),

227 540 356 593 scite
390 538 678 608 explicavit
709 537 772 591 Κ.
797 537 1112 615 Brugmann
1137 538 1449 605 (Indoyerm.
1472 539 1682 593 Forsch.
1705 537 1732 592 I
1756 536 1914 608 501);

226 631 386 696 atque
426 627 621 680 mirum
660 625 795 678 illud
832 627 1123 694 νώβυστρα
1161 624 1238 678 VI
1282 626 1371 694 16,
1418 645 1516 695 pro
1565 643 1669 695 quo
1715 644 1915 680 novum

225 715 547 768 vocabulum
587 715 875 783 λώβαστρα
912 714 1070 766 finxit
1108 713 1458 782 Hervverden,
1500 714 1647 766 -haud
1693 714 1801 767 scio
1846 733 1916 767 an

230 804 296 856 ad
333 804 450 872 βύω
491 801 747 873 (βύστρα)
787 801 1124 854 referendum
1163 801 1232 853 sit
1272 800 1360 872 (cf.
1401 804 1757 873 λαίμαστρονε
1798 807 1914 856 λαι-

229 892 418 960 μάσσω
452 887 608 960 sim),
648 892 709 942 ut
742 889 1008 960 significet
1049 889 1287 942 ‘auribus
1322 889 1408 941 vel
1438 889 1606 942 labris
1636 909 1746 943 non
1777 890 1915 944 clau·

226 978 341 1032 sis':
395 995 718 1047 quamquam
757 998 856 1031 vco-
897 977 1030 1029 illud
1074 977 1387 1047 negativum
1434 996 1545 1030 non
1582 979 1755 1031 habeo
1808 996 1913 1047 quo
1976 983 1979 986 ⁴
2050 984 2055 988 ”

226 1067 514 1136 explicem,
552 1066 657 1118 nisi
696 1066 763 1118 ad
801 1068 1051 1128 νώδυνος
1088 1067 1345 1134 νώνυμος
1381 1066 1764 1119 vocabulorum
1796 1084 1915 1118 ana-

225 1156 427 1225 logiam
466 1155 656 1207 falsam
696 1154 982 1224 confugere
1015 1153 1154 1206 licet.
1216 1153 1374 1206 Hunc
1406 1153 1575 1224 igitur
1604 1154 1805 1223 locum,
1847 1173 1914 1207 110

226 1243 459 1314 genuina
515 1242 912 1311 oblitterarem,
966 1243 1076 1295 fere
1124 1241 1387 1295 intactum
1440 1242 1633 1311 reliqui
1689 1242 1915 1295 assiduis

228 1330 512 1399 aliquando
550 1330 831 1384 laboribus
872 1331 1243 1401 subigendum.
1308 1329 1504 1388 Contra
1543 1330 1916 1399 supplementa
1964 1362 1966 1364 ·

223 1437 333 1471 11011
371 1418 528 1471 modo
569 1422 714 1472 certa
753 1419 838 1471 vel
877 1418 1199 1487 probabilia,
1232 1418 1331 1470 -sed
1367 1418 1528 1470 etiam
1559 1411 1915 1472 incertissima

225 1506 484 1575 quaedam
529 1506 766 1575 recipere
814 1526 841 1560 e
880 1524 946 1560 vre
994 1522 1107 1559 esse
1159 1506 1367 1575 putavi,
1424 1510 1484 1559 ut
1539 1507 1750 1575 qualem
1804 1507 1914 1560 fere

226 1593 561 1664 singulorum
599 1595 848 1666 ,locorum
894 1595 1214 1648 sententiam
1253 1613 1367 1648 esse
1415 1595 1683 1648 crederem
1726 1595 1916 1648 statim

226 1686 519 1752 appareret.
596 1681 790 1736 Audax
838 1701 952 1737 esse
1000 1682 1168 1752 volui,
1213 1682 1309 1736 ubi
1357 1682 1448 1735 alii
1495 1682 1637 1736 cauti
1683 1683 1915 1751 fuerunt,

226 1774 432 1840 cautus,
471 1771 566 1824 ubi
606 1772 838 1833 fuerunt,
862 1772 1100 1825 audaces.
1175 1766 1178 1769 “

334 1858 397 1912 In
435 1859 614 1912 verbis
653 1860 866 1913 traditis
905 1860 1146 1931 legendis
1187 1860 1231 1913 si
1272 1860 1400 1929 quid
1439 1859 1658 1929 profeci,
1699 1863 1913 1913 strenue

223 1965 308 2001 me
362 1947 605 2001 adiutum
660 1966 774 2001 esse
822 1948 956 2002 scito
986 1968 1042 2003 ,0
1095 1949 1423 2018 Kenyone,
1487 1948 1578 2017 qui
1634 1949 1821 2001 crebro
1884 1967 1915 2001 a

222 2054 307 2089 me
346 2039 568 2107 rogatus
601 2054 870 2106 papyrum
910 2037 1200 2107 consuluit,
1241 2037 1616 2106 supplementa
1655 2036 1914 2105 quaedam

224 2128 466 2178 accurate
507 2125 846 2194 examinavit,
885 2125 949 2178 de
988 2125 1215 2196 singulis
1264 2125 1392 2194 quid
1430 2128 1668 2179 censeret
1708 2126 1914 2179 summa

226 2215 278 2264 et
319 2212 599 2283 diligentia
638 2216 691 2266 et
731 2213 982 2266 comitate
1022 2198 1133 2282 per·
1157 2213 1367 2266 litteras
1406 2212 1540 2266 mihi
1577 2212 1913 2283 significavit.

222 2300 441 2354 Praeter
495 2319 617 2355 eum
671 2302 808 2354 hanc
859 2302 1093 2371 opellam
1147 2301 1380 2372 benigne
1435 2301 1751 2354 adiuverunt
1806 2300 1914 2369 epi·-

225 2387 378 2441 stolis
410 2388 476 2441 ad
507 2407 591 2442 me
617 2378 935 2458 conscriptis
959 2389 1051 2451 Fr.
1076 2389 1260 2443 Blass
1292 2388 1559 2442 H.Diels
1598 2387 1646 2442 S.
1671 2388 1915 2441 Mekler

167 2540 176 2541 ἶ
223 2474 325 2527 Τ11.
366 2475 705 2545 Zielinski,
750 2477 985 2548 plagulis
1033 2477 1284 2530 correctis
1330 2476 1379 2530 S.
1419 2476 1662 2529 Mekler
1708 2476 1914 2546 collega
2000 2484 2003 2486 ’

223 2566 384 2641 atque
423 2563 484 2616 R.
525 2564 798 2635 Herzog,
845 2565 1116 2618 seminarii
1162 2564 1333 2618 1108111
1373 2563 1589 2633 80110118,
1640 2564 1913 2632 opusculis

222 2651 550 2705 transmissis
574 2651 818 2721 plerique
843 2652 1072 2722 illorum,
1099 2671 1326 2722 quorum
1349 2651 1567 2706 nomina
1591 2671 1642 2721 p.
1660 2651 1786 2704 XI'V
1797 2670 1911 2720 sqq.
1963 2701 1966 2704 Α

224 2742 350 2792 sunt
389 2740 698 2809 composita.
766 2740 973 2804 Quibus
1012 2741 1167 2812 χάρις
1205 2739 1327 2794 ἀντὶ
1365 2741 1586 2811 χάριτος
1624 2739 1847 2807 ἐλθέτω.

333 2827 522 2881 Restat
562 2832 622 2882 ut
662 2847 796 2898 quae
837 2829 1164 2883 emendanda
1195 2829 1280 2882 vel
1312 2829 1551 2882 addenda
1582 2827 1689 2881 sint
1727 2827 1913 2895 paucis

190 2913 467 2986 indicem.
538 2914 924 2970 Gravissimum
970 2917 1103 2970 illud
1157 2917 1327 2986 quod'
1355 2935 1489 2985 quae
1542 2933 1722 2968 mense
1768 2915 1911 2968 Maio

222 3000 383 3054 huius
429 3003 554 3056 anni
593 3003 934 3058 Hermannus
972 3005 1123 3059 Diels
1169 3005 1226 3057 in
1273 3003 1540 3057 academia
1578 3002 1913 3055 Berolinensi
